% 8 TeV, W and Z production, 2015, LHCb, all xsecs and ratios
@article{8TeV_W+Z_2015,
author = {{LHCb collaboration}},
doi = {10.1007/JHEP01(2016)155},
journal = {Journal of High Energy Physics},
mendeley-groups = {W Boson Background,W Boson Background/TO READ},
month = {nov},
number = {1},
pages = {155},
publisher = {Springer Verlag},
url = {http://arxiv.org/abs/1511.08039 http://dx.doi.org/10.1007/JHEP01(2016)155},
volume = {2016},
year = {2015}
}
%archivePrefix = {arXiv},
%arxivId = {1511.08039},
%eprint = {1511.08039},

% 7 TeV, W and Z production, 2012, LHCb, out of data
@article{7TeV_W+Z_2012,
author = {{LHCb collaboration}},
doi = {10.1007/JHEP06(2012)058},
journal = {Journal of High Energy Physics},
keywords = {Hadron-Hadron scattering},
mendeley-groups = {W Boson Background,W Boson Background/TO READ},
month = {apr},
number = {6},
pages = {058},
url = {http://arxiv.org/abs/1204.1620 http://dx.doi.org/10.1007/JHEP06(2012)058},
volume = {2012},
year = {2012}
}

% 7 TeV, W production, 2014, LHCb, W xsecs
@article{7TeV_W_2014,
author = {{LHCb collaboration}},
doi = {10.1007/JHEP12(2014)079},
journal = {Journal of High Energy Physics},
keywords = {Forward physics,Hadron-Hadron Scattering,QCD},
month = {aug},
number = {12},
publisher = {Springer Verlag},
url = {http://arxiv.org/abs/1408.4354 http://dx.doi.org/10.1007/JHEP12(2014)079},
volume = {2014},
year = {2014},
pages = {079}
}

% 7 TeV, Z production, 2015, LHCb, Z xsec and ratios
@article{7TeV_Z_2015,
author = {{LHCb collaboration}},
doi = {10.1007/JHEP08(2015)039},
journal = {Journal of High Energy Physics},
keywords = {Electroweak interaction,Forward physics,Hadron-Hadron Scattering,QCD,proton-proton scattering},
month = {may},
number = {8},
publisher = {Springer Verlag},
url = {http://arxiv.org/abs/1505.07024 http://dx.doi.org/10.1007/JHEP08(2015)039},
volume = {2015},
year = {2015},
pages = {039}
}

% 13 TeV, Z production, 2016, LHCb, Z xsec only
@article{13TeV_Z_2016,
author = {{LHCb collaboration}},
doi = {10.1007/JHEP09(2016)136},
journal = {Journal of High Energy Physics},
month = {jul},
number = {9},
pages = {136},
publisher = {Springer Verlag},
title = {{Measurement of the forward Z boson production cross-section in pp collisions at {\$}\backslashsqrt{\{}s{\}} = 13{\$} TeV}},
url = {http://arxiv.org/abs/1607.06495 http://dx.doi.org/10.1007/JHEP09(2016)136},
volume = {2016},
year = {2016}
}
